%% This BibTeX bibliography file was created using BibDesk.
%% http://bibdesk.sourceforge.net/


%% Created for Zenexity at 2013-10-22 22:44:03 +0200 


%% Saved with string encoding Unicode (UTF-8) 



@article{girard1992bounded,
	Author = {Girard, Jean-Yves and Scedrov, Andre and Scott, Philip J},
	Date-Added = {2013-10-22 20:42:53 +0000},
	Date-Modified = {2013-10-22 20:42:53 +0000},
	Journal = {Theoretical computer science},
	Number = {1},
	Pages = {1--66},
	Publisher = {Elsevier},
	Title = {Bounded linear logic: a modular approach to polynomial-time computability},
	Volume = {97},
	Year = {1992}}

@article{girard1987linear,
	Author = {Girard, Jean-Yves},
	Date-Added = {2013-10-17 20:50:51 +0000},
	Date-Modified = {2013-10-17 20:50:51 +0000},
	Journal = {Theoretical computer science},
	Number = {1},
	Pages = {1--101},
	Publisher = {Elsevier},
	Title = {Linear logic},
	Volume = {50},
	Year = {1987}}

@article{ldtrc,
	Author = {Dal Lago, Ugo and Gaobardi, Marco},
	Date-Added = {2013-10-20 20:50:51 +0000},
	Date-Modified = {2013-10-20 20:50:51 +0000},
	Journal = {LICS},
	Pages = {133-142},
	Title = {Linear dependent types and relative completeness},
	Year = {2011}}

@article{ldtcbv,
	Author = {Dal Lago, Ugo and Petit, Barbara},
	Journal = {PPDP},
	Title = {Linear Dependent Types in a Call-by-Value Scenario},
	Year = {2012}}
